
%@Article{,
%    author          =   {},
%    title           =   {},
%    journaltitle    =   {},
%    date            =   {},
%    volume          =   {},
%    number          =   {},
%    pages           =   {},
%    doi             =   {},
%    }



@manual{RBT_EPA,
    author          =   {M. T. Barbour and J. Gerritsen and B. D. Snyder and J. B. Stribling},
    date            =   {1999},
    title           =   {Rapid {B}ioassessment {P}rotocols for {U}se in Streams and {W}adeable {R}ivers: {P}eriphyton, {B}enthic {M}acroinvertebrates and {F}ish},
    edition         =   {2},
    organization    =   {U.S. Environmental Protection Agency; Office of Water},
    location        =   {Washington, D.C.},
    isbn            =   {EPA 841-B-99-002},
    }

@inbook{Riverine_management,
    author          =   {Severin Hohensinner and Christoph Hauer and Susanne Muhar},
    editor          =   {Stefan Schmutz and Jan Sendzimir},
    title           =   {River {M}orphology, {C}hannelization, and {H}abitat {R}estoration},
    pages           =   {41-65},
    booktitle       =   {Riverine {E}cosystem {M}anagement: {S}cience for {G}overning {T}owards a {S}ustainable {F}uture},
    publisher       =   {Springer International Publishing},
    series          =   {Aquatic Ecology Series},
    ISBN            =   {978-3-319-73250-3},
    date            =   {2018},
    doi             =   {10.1007/978-3-319-73250-3},
    }

@article{Dohet2015,
    title           =   {Influence of thermal regime and land use on benthic invertebrate communities inhabiting headwater streams exposed to contrasted shading},
    journaltitle    =   {Science of The Total Environment},
    volume          =   {505},
    pages           =   {1112-1126},
    date            =   {2015},
    doi             =   {10.1016/j.scitotenv.2014.10.077},
    author          =   {Alain Dohet and Daša Hlúbiková and Carlos E. Wetzel and Lionel L'Hoste and Jean François Iffly and Lucien Hoffmann and Luc Ector},
    }

@Article{Dossi2018,
    author          =   {Florian Dossi and Patrick Leitner and Steffen Pauls and Wolfram Graf},
    title           =   {In the mood for wood-habitat specific colonization patterns of benthic invertebrate communities along the longitudinal gradient of an Austrian river},
    journaltitle    =   {Hydrobiologia},
    date            =   {2018},
    volume          =   {805},
    number          =   {1},
    pages           =   {245-258},
    doi             =   {10.1007/s10750-017-3307-z},
    }

@article{Feld2013,
    author          =   {Christian K. Feld},
    title           =   {Response of three lotic assemblages to riparian and catchment‐scale land use: implications for designing catchment monitoring programmes},
    journaltitle    =   {Freshwater Biology},
    date            =   {2013},
    volume          =   {58},
    number          =   {4},
    pages           =   {715-729},
    doi             =   {10.1111/fwb.12077},
    }

@article{Funk2017,
    title           =   {The {B}enthic {I}nvertebrates {F}loodplain {I}ndex – {E}xtending the assessment approach},
    journaltitle    =   {Ecological Indicators},
    volume          =   {79},
    pages           =   {303-309},
    date            =   {2017},
    doi             =   {10.1016/j.ecolind.2017.04.035},
    author          =   {Andrea Funk and Daniel Trauner and Walter Reckendorfer and Thomas Hein},
    }

@article{Furhacker2008,
    Author          =   {M. Fürhacker},
    date            =   {2008},
    title           =   {The {W}ater {F}ramework {D}irective - can we reach the target?},
    journaltitle    =   {Water Science and Technology},
    volume          =   {57},
    number          =   {1},
    pages           =   {9-17},
    doi             =   {10.2166/wst.2008.797},
    }

@Article{Hauer2012,
    author          =   {Christoph Hauer and G{\"u}nther Unfer and Wolfram Graf and Patrick Leitner and Bernhard Zeiringer and Helmut Habersack},
    title           =   {Hydro-morphologically related variance in benthic drift and its importance for numerical habitat modelling},
    journaltitle    =   {Hydrobiologia},
    date            =   {2012},
    volume          =   {683},
    number          =   {1},
    pages           =   {83-108},
    doi             =   {10.1007/s10750-011-0942-7},
    }

@article{Hering2004,
    author          =   {Daniel Hering and Otto Moog and Leonard Sandin and Piet F. M. Verdonschot},
    date            =   {2004},
    title           =   {Overview and application of the {AQEM} assessment system},
    journaltitle    =   {Hydrobiologia},
    volume          =   {516},
    number          =   {1},
    pages           =   {1-20},
    doi             =   {10.1023/B:HYDR.0000025255.70009.a5}
    }

@article{Hering2006,
    author          =   {Daniel Hering and Richard K. Johnsin and Sandra Kramm and Stefan Schmutz and Krzysztof Szoszkiewics and Piet F. M. Verdonschot},
    title           =   {Assessment of {E}uropean streams with diatoms, macrophytes, macroinvertebrates and fish: a comparative metric‐based analysis of organism response to stress},
    journaltitle    =   {Freshwater Biology},
    date            =   {2006},
    volume          =   {51},
    number          =   {9},
    pages           =   {1757-1785},
    doi             =   {10.1111/j.1365-2427.2006.01610.x}
    }

@article{Holzapfel2017,
    title           =   {Evaluation of hydropeaking impacts on the food web in alpine streams based on modelling of fish- and macroinvertebrate habitats},
    journaltitle    =   {Science of The Total Environment},
    volume          =   {575},
    pages           =   {1489-1502},
    date            =   {2017},
    doi             =   {10.1016/j.scitotenv.2016.10.016},
    author          =   {P. Holzapfel and P. Leitner and H. Habersack and W. Graf and C. Hauer},
    }

@article{Jowett2003,
    author          =   {I. G. Jowett},
    title           =   {Hydraulic constraints on habitat suitability for benthic invertebrates in gravel‐bed rivers},
    journaltitle    =   {River Research and Applications},
    date            =   {2003},
    volume          =   {19},
    number          =   {5‐6},
    pages           =   {495-507},
    doi             =   {10.1002/rra.734},
    }

@article{Li2010,
    author          =   {Li Li and Binghui Zheng and Lusan Liu},
    date            =   {2010},
    title           =   {Biomonitoring and {B}ioindicators {U}sed for {R}iver {E}cosystems: {D}efinitions, {A}pproaches and {T}rends},
    journaltitle    =   {Procedia Environmental Sciences},
    volume          =   {2},
    pages           =   {1510-1524},
    note            =   {International Conference on Ecological Informatics and Ecosystem Conservation (ISEIS 2010)},
    doi             =   {10.1016/j.proenv.2010.10.164},
    }

@article{Marzin2012,
    author          =   {Anahita Marzin and Virginie Archaimbault and Jérôme Belliard and Christian Chauvin and François Delmas and Didier Pont},
    title           =   {Ecological assessment of running waters: {D}o macrophytes, macroinvertebrates, diatoms and fish show similar responses to human pressures?},
    journaltitle    =   {Ecological Indicators},
    volume          =   {23},
    pages           =   {56-65},
    date            =   {2012},
    issn            =   {1470-160X},
    doi             =   {https://doi.org/10.1016/j.ecolind.2012.03.010},
    }

@article{Muhar2000,
    Author          =   {S. Muhar and M. Schwarz and S. Schmutz and M. Jungwirth},
    Date            =   {2000},
    Title           =   {Identification of rivers with high and good habitat quality: methodological approach and applications in Austria},
    journaltitle    =   {Hydrobiologia},
    volume          =   {422-423},
    pages           =   {343-358},
    doi             =   {10.1023/A:1017005914029},
    }

@Article{Schmidt-Kloiber2004,
    author          =   {Astrid Schmidt-Kloiber and Rebi C. Nijboer},
    title           =   {The effect of taxonomic resolution on the assessment of ecological water quality classes},
    journaltitle    =   {Hydrobiologia},
    date            =   {2004},
    volume          =   {516},
    number          =   {1},
    pages           =   {269-283},
    doi             =   {10.1023/B:HYDR.0000025270.10807.10},
    }

@Article{Schmidt-Kloiber2017,
    author          =   {Astrid Schmidt-Kloiber and Peter J. Neu and Michael Malicky and Florian Pletterbauer and Hans Malicky and Wolfram Graf},
    title           =   {Aquatic biodiversity in Europe: a unique dataset on the distribution of Trichoptera species with important implications for conservation},
    journaltitle    =   {Hydrobiologia},
    date            =   {2017},
    volume          =   {797},
    number          =   {1},
    pages           =   {11--27},
    doi             =   {10.1007/s10750-017-3116-4},
    }

@article{Schroder2013,
    title           =   {Substratum associations of benthic invertebrates in lowland and mountain streams},
    journaltitle    =   {Ecological Indicators},
    volume          =   {30},
    pages           =   {178 - 189},
    date            =   {2013},
    doi             =   {10.1016/j.ecolind.2013.02.012},
    author          =   {Maria Schröder and Jens Kiesel and Andreas Schattmann and Sonja C. Jähnig and Armin W. Lorenz and Sandra Kramm and Hanneke Keizer-Vlek and Peter Rolauffs and Wolfram Graf and Patrick Leitner and Daniel Hering},
    }

@article{Stoll2016,
    title           =   {Scale-dependent effects of river habitat quality on benthic invertebrate communities — Implications for stream restoration practice},
    journaltitle    =   {Science of The Total Environment},
    volume          =   {553},
    pages           =   {495 - 503},
    date            =   {2016},
    doi             =   {10.1016/j.scitotenv.2016.02.126},
    author          =   {Stefan Stoll and Philippa Breyer and Jonathan D. Tonkin and Denise Früh and Peter Haase},
    }

@article{Wyzga2014,
    title           =   {Response of fish and benthic invertebrate communities to constrained channel conditions in a mountain river: Case study of the Biała, Polish Carpathians},
    journaltitle    =   {Limnologica - Ecology and Management of Inland Waters},
    volume          =   {46},
    pages           =   {58 - 69},
    date            =   {2014},
    doi             =   {10.1016/j.limno.2013.12.002},
    author          =   {Bartlomiej Wyżga and Antoni Amirowicz and Pawel Oglecki and Hanna Hajdukiewicz and Artur Radecki-Pawlik and Joanna Zawiejska and Pawel Mikuś},
%    author          =   {Bartłomiej Wyżga and Antoni Amirowicz and Paweł Oglęcki and Hanna Hajdukiewicz and Artur Radecki-Pawlik and Joanna Zawiejska and Paweł Mikuś},
    }

@Article{Yoshimura2006,
    author          =   {C. Yoshimura and K.  Tockner and T. Omura and O. Moog},
    title           =   {Species diversity and functional assessment of macroinvertebrate communities in {A}ustrian rivers},
    journaltitle    =   {Limnology},
    date            =   {2006},
    volume          =   {7},
    number          =   {2},
    pages           =   {63-74},
    doi             =   {10.1007/s10201-006-0170-4},
    }






@inbook{Bauernfeind2002,
    author          =   {E. Bauernfeind and O. Moog and  P. Weichselbaumer},
    editor          =   {Moog, O.},
    title           =   {Ephemeroptera. - {P}art {III}, 24 pp},
%    pages           =   {24 pp},
    booktitle       =   {(2000): Fauna {A}quatica {A}ustriaca, {E}diton 2002},
    publisher       =   {Wasserwirtschaftskataster, Bundesministerium für Land- und Forstwirtschaft, Umwelt und Wasserwirtschaft, Wien},
%    series          =   {(2000): Fauna {A}quatica {A}ustriaca, Editon 2002},
    date            =   {2002},
    }

@inbook{Car2002,
    author          =   {M. Car and O. Moog},
    editor          =   {O. Moog},
    title           =   {Diptera: Simulidae. - {P}art {III}, 9 pp},
%    pages           =   {24 pp},
    booktitle       =   {(2000): Fauna {A}quatica {A}ustriaca, {E}diton 2002},
    publisher       =   {Wasserwirtschaftskataster, Bundesministerium für Land- und Forstwirtschaft, Umwelt und Wasserwirtschaft, Wien},
%    series          =   {Fauna {A}quatica {A}ustriaca, Editon 2002},
    date            =   {2002},
    }

@inbook{Graf2002,
    author          =   {W. Graf and U. Grasser and A. Weinzierl},
    editor          =   {O. Moog},
    title           =   {Plecoptera. - {P}art {III}, 17 pp},
%    pages           =   {24 pp},
    booktitle       =   {(2000): Fauna {A}quatica {A}ustriaca, {E}diton 2002},
    publisher       =   {Wasserwirtschaftskataster, Bundesministerium für Land- und Forstwirtschaft, Umwelt und Wasserwirtschaft, Wien},
%    series          =   {Fauna {A}quatica {A}ustriaca, Editon 2002},
    date            =   {2002},
    }

@inbook{Graf2002a,
    author          =   {W. Graf and U. Grasser and J. Waringer},
    editor          =   {Moog, O.},
    title           =   {Trichoptera. - {P}art {III}, 43 pp},
%    pages           =   {24 pp},
    booktitle       =   {(2000): Fauna {A}quatica {A}ustriaca, {E}diton 2002},
    publisher       =   {Wasserwirtschaftskataster, Bundesministerium für Land- und Forstwirtschaft, Umwelt und Wasserwirtschaft, Wien},
%    series          =   {(2000) Fauna {A}quatica {A}ustriaca, Editon 2002},
    date            =   {2002},
    }


@inbook{Jach2002,
    author          =   {M. Jäch and J. Kodada and O. Moog and S. Schödl},
    editor          =   {Moog, O.},
    title           =   {Coleoptera. - {P}art {III}, 43 pp},
%    pages           =   {24 pp},
    booktitle       =   {(2000): Fauna {A}quatica {A}ustriaca, {E}diton 2002},
    publisher       =   {Wasserwirtschaftskataster, Bundesministerium für Land- und Forstwirtschaft, Umwelt und Wasserwirtschaft, Wien},
%    series          =   {(2000) Fauna {A}quatica {A}ustriaca, Editon 2002},
    date            =   {2002},
    }



@report{Martin2007,
    author          =   {G. Martin and A. Veal and R. Guthrie and J. Murray-Bligh and I. O’Neill},
    date            =   {2007},
    title           =   {Revision and testing of {BMWP} {S}cores. {F}inal {R}eport. {P}roject {WFD72A}},
%    Final Report.
%    Project WFD72A.
    publisher       =   {Sniffer. Stafford. 247 pp},
%    location        =   {Stafford},
%    pages           =   {247 pp},
    }
